<?xml version="1.0" encoding="UTF-8"?><collection xmlns="http://www.loc.gov/MARC21/slim"><record><leader>00617nam--2200181-i-4500</leader><controlfield tag="001">000033848</controlfield><controlfield tag="002">20161230</controlfield><controlfield tag="005">20161230201039</controlfield><controlfield tag="008">060222s1000------------r-----000-0-fre-d</controlfield><datafield ind1=" " ind2=" " tag="040"><subfield code="a">IFIN-HH</subfield></datafield><datafield ind1=" " ind2=" " tag="041"><subfield code="a">fre</subfield></datafield><datafield ind1=" " ind2=" " tag="080"><subfield code="a">535.33-1(043)</subfield></datafield><datafield ind1="1" ind2=" " tag="100"><subfield code="a">Morillon, Claude</subfield></datafield><datafield ind1="1" ind2="0" tag="245"><subfield code="a">Etude experimentale a haute resolution dans l`infrarouge et interpretation theorique des spectres atomiques du selenium, du brome, du tellure et de l`iode</subfield><subfield code="b">These</subfield><subfield code="c">Claude morillon</subfield></datafield><datafield ind1=" " ind2=" " tag="260"><subfield code="a">Paris, Orsay</subfield><subfield code="b">L`Universite De Paris-sud Centre D`Orsay</subfield><subfield code="c">1975</subfield></datafield><datafield ind1=" " ind2=" " tag="300"><subfield code="a">536P</subfield></datafield><datafield ind1=" " ind2=" " tag="852"><subfield code="a">43986</subfield><subfield code="c">535.33</subfield></datafield><datafield ind1=" " ind2=" " tag="CAT"><subfield code="a">Sys</subfield><subfield code="c">20101207</subfield><subfield code="h">143357</subfield></datafield></record></collection>